% -------------------------------------------------------------------------
% This BibTex file was generated by Qiqqa (http://bit.ly/QIQQA?ref=EXPBIB)
% czwartek, 3 czerwca 2021 17:18:51
% Version 3
% -------------------------------------------------------------------------

@article{griffith1921phenomena,
  title={The phenomena of rupture and flow in solids},
  author={Griffith, Alan Arnold},
  journal={Philosophical transactions of the royal society of london. Series A, containing papers of a mathematical or physical character},
  volume={221},
  number={582-593},
  pages={163--198},
  year={1921},
  publisher={The royal society London}
}

@comment { BIBTEX_AUTO - GS }
@article{mitchison1980model,
  title={A model for vein formation in higher plants},
  author={Mitchison, G.J.},
  journal={Proceedings of the Royal Society of London. Series B. Biological Sciences},
  volume={207},
  number={1166},
  pages={79--109},
  year={1980},
  publisher={The Royal Society London}
}

@comment { BIBTEX_AUTO - GS }
@comment { BIBTEX_USER_VETTED }
@article{budek2017effect,
  title={Effect of mobility ratio on interaction between the fingers in unstable growth processes},
  author={Budek, Agnieszka and Kwiatkowski, Kamil and Szymczak, Piotr},
  journal={Physical Review E},
  volume={96},
  number={4},
  pages={042218},
  year={2017},
  publisher={APS}
}

@comment { BIBTEX_AUTO - GS }
@comment { BIBTEX_USER_VETTED }
@article{feugier2005self,
  title={Self-organization of the vascular system in plant leaves: inter-dependent dynamics of auxin flux and carrier proteins},
  author={Feugier, Francois G and Mochizuki, Atsushi and Iwasa, Yoh},
  journal={Journal of theoretical Biology},
  volume={236},
  number={4},
  pages={366--375},
  year={2005},
  publisher={Elsevier}
}

@comment { BIBTEX_AUTO - GS }
@article{feugier2006canalization,
  title={How canalization can make loops: a new model of reticulated leaf vascular pattern formation},
  author={Feugier, Fran{\c{c}}ois G and Iwasa, Yoh},
  journal={Journal of theoretical biology},
  volume={243},
  number={2},
  pages={235--244},
  year={2006},
  publisher={Elsevier}
}

@comment { BIBTEX_AUTO - GS }
@comment { BIBTEX_USER_VETTED }
@article{derr2020flow,
  title={Flow-driven branching in a frangible porous medium},
  author={Derr, Nicholas J and Fronk, David C and Weber, Christoph A and Mahadevan, Amala and Rycroft, Chris H and Mahadevan, L},
  journal={Physical Review Letters},
  volume={125},
  number={15},
  pages={158002},
  year={2020},
  publisher={APS}
}

@comment { BIBTEX_AUTO - GS }
@comment { BIBTEX_USER_VETTED }
@article{bohn2005hierarchical,
  title={Hierarchical crack pattern as formed by successive domain divisions.},
  author={Bohn, S and Pauchard, L and Couder, Y},
  journal={Physical Review E},
  volume={71},
  number={4},
  pages={046214},
  year={2005},
  publisher={APS}
}

@comment { BIBTEX_AUTO - GS }
@comment { BIBTEX_USER_VETTED }
@article{mcdougall2002mathematical,
  title={Mathematical modelling of flow through vascular networks: implications for tumour-induced angiogenesis and chemotherapy strategies},
  author={McDougall, Steven R and Anderson, ARA and Chaplain, MAJ and Sherratt, JA},
  journal={Bulletin of mathematical biology},
  volume={64},
  number={4},
  pages={673--702},
  year={2002},
  publisher={Elsevier}
}

@comment { BIBTEX_AUTO - GS }
@comment { BIBTEX_USER_VETTED }
@article{pauchard2003morphologies,
  title={Morphologies resulting from the directional propagation of fractures},
  author={Pauchard, L and Adda-Bedia, M and Allain, C and Couder, Y},
  journal={Physical review E},
  volume={67},
  number={2},
  pages={027103},
  year={2003},
  publisher={APS}
}

@article{chilian1989redistribution,
  title={Redistribution of coronary microvascular resistance produced by dipyridamole},
  author={Chilian, William M. and Layne, Susan M. and Klausner, Edward C. and Eastham, Charles L. and Marcus, Melvin L.},
  journal={American Journal of Physiology-Heart and Circulatory Physiology},
  volume={256},
  number={2},
  pages={H383--H390},
  year={1989},
  publisher={American Physiological Society Bethesda, MD}
}

@article {douady2020reticulated,
     author = {St\'ephane Douady and Claire Lagesse and Mohammad Atashinbar and Phillipe Bonnin and Romain Pousse and Paul Valcke},
     title = {A work on reticulated patterns},
     journal = {Accounts Rendered. Mechanical},
     pages = {659--678},
     publisher = {Acad \ 'emie des sciences, Paris},
     volume = {348},
     number = {6-7},
     year = {2020},
     doi = {10.5802 / crmeca.47},
     language = {en},
     url = {accounts-rendus.academie-sciences.fr/mecanique/item/CRMECA_2020__348_6-7_659_0/}
}

@comment { BIBTEX_USER_VETTED }
@comment { BIBTEX_USER_VETTED }
@article{gauthier2010shrinkage,
  title={Shrinkage star-shaped cracks: Explaining the transition from 90 degrees to 120 degrees},
  author={Gauthier, G and Lazarus, V and Pauchard, L},
  journal={EPL (Europhysics Letters)},
  volume={89},
  number={2},
  pages={26002},
  year={2010},
  publisher={IOP Publishing}
}

@comment { BIBTEX_AUTO - GS }
@article{boulogne2015surface,
  title={Surface patterns in drying films of silica colloidal dispersions},
  author={Boulogne, Fran{\c{c}}ois and Giorgiutti-Dauphin{\'e}, Fr{\'e}d{\'e}rique and Pauchard, Ludovic},
  journal={Soft Matter},
  volume={11},
  number={1},
  pages={102--108},
  year={2015},
  publisher={Royal Society of Chemistry}
}

@article{couder2002leaf,
  title={The leaf venation as formed in a tensorial field},
  author={Couder, Yves and Pauchard, Ludovic and Allain, Catherine and Adda-Bedia, Mokhtar and Douady, St{\'e}phane},
  journal={The European Physical Journal B-Condensed Matter and Complex Systems},
  volume={28},
  number={2},
  pages={135--138},
  year={2002},
  publisher={Springer}
}

@comment { BIBTEX_AUTO - GS }
@comment { BIBTEX_USER_VETTED }
@article{gol1974brittle,
  title={Brittle fracture of solids with arbitrary cracks},
  author={Gol'Dstein, RV and Salganik, RL},
  journal={International journal of Fracture},
  volume={10},
  number={4},
  pages={507--523},
  year={1974},
  publisher={Springer}
}

@article{2020Crack
,	title	= {Crack tip field (notes).pdf}
,	year	= {2020}
}

@comment { BIBTEX_AUTO - GS }
@article{barenblatt1961brittle,
  title={On brittle cracks under longitudinal shear},
  author={Barenblatt, GI and Cherepanov, GP},
  journal={Journal of Applied Mathematics and Mechanics},
  volume={25},
  number={6},
  pages={1654--1666},
  year={1961},
  publisher={Elsevier}
}

@comment { BIBTEX_USER_VETTED }
@comment { BIBTEX_USER_VETTED }
@article{erdogan1963crack,
  title={On the crack extension in plates under plane loading and transverse shear},
  author={Erdogan, Fazil and Sih, G.C.},
  year={1963}
}

@comment { BIBTEX_AUTO - BIBTEXSEARCH }
@article{cotterell1980slightly
,	title	= {Slightly curved or kinked cracks}
,	author	= {Cotterell, B and Rice, JRf}
,	journal	= {International Journal of Fracture}
,	volume	= {16}
,	number	= {2}
,	pages	= {155--169}
,	year	= {1980}
,	publisher	= {Springer}
}

@article{stressfunctionmethod
,	title	= {The Stress Function Method}
,	year	= {2015}
}

@comment { BIBTEX_AUTO - BIBTEXSEARCH }
@article{pmid:20866474
,	title	= {Dynamics of cracks in torn thin sheets.}
,	author	= {Cohen, Yossi and Procaccia, Itamar}
,	journal	= {Physical review. E, Statistical, nonlinear, and soft matter physics}
,	journal-iso	= {Phys Rev E Stat Nonlin Soft Matter Phys}
,	volume	= {81}
,	number	= {6 Pt 2}
,	year	= {2010}
,	month	= {Jun}
,	pages	= {066103}
,	pmid	= {20866474}
}

@booklet{qiqqa_manual
,	title	= {The Qiqqa Manual}
,	author	= {The Qiqqa Team,}
,	year	= {2013}
}

@comment { BIBTEX_AUTO - GS }
@article{soares2006retinal,
  title={Retinal vessel segmentation using the 2-D Gabor wavelet and supervised classification},
  author={Soares, Jo{\~a}o VB and Leandro, Jorge JG and Cesar, Roberto M and Jelinek, Herbert F and Cree, Michael J},
  journal={IEEE Transactions on medical Imaging},
  volume={25},
  number={9},
  pages={1214--1222},
  year={2006},
  publisher={IEEE}
}

@article{guerin2020streamwise,
  title={Streamwise dissolution patterns created by a flowing water film},
  author={Gu{\'e}rin, Adrien and Derr, Julien and Du Pont, Sylvain Courrech and Berhanu, Michael},
  journal={Physical Review Letters},
  volume={125},
  number={19},
  pages={194502},
  year={2020},
  publisher={APS}
}

@comment { BIBTEX_AUTO - GS }
@article{de2014tracing,
  title={Tracing retinal vessel trees by transductive inference},
  author={De, Jaydeep and Li, Huiqi and Cheng, Li},
  journal={BMC bioinformatics},
  volume={15},
  number={1},
  pages={20},
  year={2014},
  publisher={Springer}
}

@comment { BIBTEX_AUTO - GS }
@article{de2017transduction,
  title={Transduction on directed graphs via absorbing random walks},
  author={De, Jaydeep and Zhang, Xiaowei and Lin, Feng and Cheng, Li},
  journal={IEEE transactions on pattern analysis and machine intelligence},
  volume={40},
  number={7},
  pages={1770--1784},
  year={2017},
  publisher={IEEE}
}

@comment { BIBTEX_AUTO - GS }
@article{yazdi2018numerical,
  title={Numerical study of Saffman-Taylor instability in immiscible nonlinear viscoelastic flows},
  author={Yazdi, Alie Abbasi and Norouzi, Mahmood},
  journal={Rheologica Acta},
  volume={57},
  number={8-9},
  pages={575--589},
  year={2018},
  publisher={Springer}
}

@comment { BIBTEX_AUTO - GS }
@comment { BIBTEX_USER_VETTED }
@book{lautrup2011physics,
  title={Physics of continuous matter: exotic and everyday phenomena in the macroscopic world},
  author={Lautrup, Benny},
  year={2011},
  publisher={CRC press}
}

@book{acheson1991elementary,
  title={Elementary fluid dynamics},
  author={Acheson, David J},
  year={1991},
  publisher={Acoustical Society of America}
}

@book{leal2007advanced,
  title={Advanced transport phenomena: fluid mechanics and convective transport processes},
  author={Leal, L Gary},
  volume={7},
  year={2007},
  publisher={Cambridge University Press}
}

@book{dhont1996introduction,
  title={An introduction to dynamics of colloids},
  author={Dhont, Jan KG},
  year={1996},
  publisher={Elsevier}
}

@book{katopodes2018free,
  title={Free-surface Flow: Environmental Fluid Mechanics},
  author={Katopodes, Nikolaos D},
  year={2018},
  publisher={Butterworth-Heinemann}
}

@comment { BIBTEX_AUTO - GS }
@comment { BIBTEX_USER_VETTED }
@book{kim2013microhydrodynamics,
  title={Microhydrodynamics: principles and selected applications},
  author={Kim, Sangtae and Karrila, Seppo J.},
  year={2013},
  publisher={Courier Corporation}
}

@comment { BIBTEX_AUTO - GS }
@comment { BIBTEX_USER_VETTED }
@book{lai2009introduction,
  title={Introduction to continuum mechanics - solutions},
  author={Lai, W. Michael and Rubin, David H. and Rubin, David and Krempl, Erhard},
  year={2009},
  publisher={Butterworth-Heinemann}
}

@comment { BIBTEX_USER_VETTED }
@book{lai2009introduction,
  title={Introduction to continuum mechanics},
  author={Lai, W. Michael and Rubin, David H. and Rubin, David and Krempl, Erhard},
  year={2009},
  publisher={Butterworth-Heinemann}
}

@book{landau1987fluid
,	title	= {Fluid Mechanics}
,	author	= {Landau, LD and Lifshitz, EM}
,	year	= {1987}
,	publisher	= {New York: Pergamon Press}
}

@comment { BIBTEX_USER_VETTED }
@article{van1982album,
  title={An album of fluid motion},
  author={Van Dyke, Milton},
  year={1982},
  publisher={Parabolic Press Stanford}
}

@comment { BIBTEX_USER_VETTED }
@book{guazzelli2011physical,
  title={A physical introduction to suspension dynamics},
  author={Guazzelli, Elisabeth and Morris, Jeffrey F.},
  volume={45},
  year={2011},
  publisher={Cambridge University Press}
}

@comment { BIBTEX_USER_VETTED }
@misc{jellypresentation,
title={Cracks on the jellyfishes}
}

@article{chernyshev2002formation
, title = {Formation of chaotic patterns of the gastrovascular system in the ontogenesis of the medusa Aurelia aurita}
, author = {Chernyshev, AV and Isaeva, VV}
, journal = {Russian Journal of Marine Biology}
, volume = {28}
, number = {5}
, pages = {347--351}
, year = {2002}
, publisher = {Springer}
}

@comment { BIBTEX_AUTO - GS }
@article{nawroth2012tissue,
  title={A tissue-engineered jellyfish with biomimetic propulsion},
  author={Nawroth, Janna C and Lee, Hyungsuk and Feinberg, Adam W and Ripplinger, Crystal M and McCain, Megan L and Grosberg, Anna and Dabiri, John O and Parker, Kevin Kit},
  journal={Nature biotechnology},
  volume={30},
  number={8},
  pages={792--797},
  year={2012},
  publisher={Nature Publishing Group}
}

@article{southward1955observations,
  title={Observations on the ciliary currents of the jellyfish Aurelia aurita L.},
  author={Southward, A.J.},
  journal={Journal of the Marine Biological Association of the United Kingdom},
  volume={34},
  number={2},
  pages={201--216},
  year={1955},
  publisher={Cambridge University Press}
}

@comment { BIBTEX_AUTO - GS }
@comment { BIBTEX_USER_VETTED }
@inproceedings{isaeva2001quasi,
  title={Quasi-fractal organization of the gastrovascular system of the jellyfish Aurelia aurita: order and chaos},
  author={Isaeva, VV. and Chernyshev, A.V. and Shkuratov, D. Yu},
  booktitle={Doklady Biochemistry and Biophysics},
  volume={377},
  number={1-6},
  pages={110--112},
  year={2001},
  organization={Kluwer Academic Publishers-Plenum Publishers}
}

@article{Annemiek2020rapport
,	title	= {Rapport d'activite2020CORNELISSEN.pdf}
,	author	= {Annemiek JM Cornelissen}
,	year	= {2020}
}

@article{carleson2002laplacian
, title = {Laplacian path models}
, author = {Carleson, Lennart and Makarov, Nikolai}
, journal = {Journal d'Analyse Math\'ematique}
, volume = {87}
, number = {1}
, pages = {103--150}
, year = {2002}
, publisher = {Springer}
}

@article{hill1952channeling,
 doi       = {10.1016/0009-2509(52)87017-4},
 title     = {Channeling in packed columns},
 author    = {S. Hill},
 publisher = {Elsevier Science},
 journal   = {Chemical Engineering Science},
 issn      = {0009-2509},
 year      = {1952},
 volume    = {1},
 issue     = {6},
 pages     = {247--253},
 url       = {http://doi.org/10.1016/0009-2509%2852%2987017-4}
}

@book{kaandorp2001algorithmic_chapter4.4,
  title={The algorithmic beauty of seaweeds, sponges and corals (\textit{Chapter 4.4 A Laplacian Model of Branching Network})},
  author={Kaandorp, Jaap A. and K{\"u}bler, Janet E.},
  year={2001},
  publisher={Springer Science \& Business Media}
}

@inproceedings{eden1961two,
  title={A two-dimensional growth process},
  author={Eden, Murray and others},
  booktitle={Proceedings of the fourth Berkeley symposium on mathematical statistics and probability},
  volume={4},
  pages={223--239},
  year={1961},
  organization={University of California Press Berkeley}
}

@comment { BIBTEX_AUTO - GS }
@comment { BIBTEX_USER_VETTED }
@article{matsushita1990diffusion,
  title={Diffusion-limited growth in bacterial colony formation},
  author={Matsushita, Mitsugu and Fujikawa, Hiroshi},
  journal={Physica A: Statistical Mechanics and its Applications},
  volume={168},
  number={1},
  pages={498--506},
  year={1990},
  publisher={Elsevier}
}

@comment { BIBTEX_AUTO - GS }
@comment { BIBTEX_USER_VETTED }
@article{mullins1964stability,
  title={Stability of a planar interface during solidification of a dilute binary alloy},
  author={Mullins, William W. and Sekerka, R.F.},
  journal={Journal of applied physics},
  volume={35},
  number={2},
  pages={444--451},
  year={1964},
  publisher={American Institute of Physics}
}

@article{devauchelle2017laplacian,
  title={Laplacian networks: Growth, local symmetry, and shape optimization},
  author={Devauchelle, Olivier and Szymczak, Piotr and Pecelerowicz, Michal and Cohen, Yossi and Seybold, HJ and Rothman, Daniel H},
  journal={Physical Review E},
  volume={95},
  number={3},
  pages={033113},
  year={2017},
  publisher={APS}
}

@comment { BIBTEX_AUTO - GS }
@comment { BIBTEX_USER_VETTED }
@article{saffman1958penetration,
  title={The penetration of a fluid into a porous medium or Hele-Shaw cell containing a more viscous liquid},
  author={Saffman, Philip Geoffrey and Taylor, Geoffrey Ingram},
  journal={Proceedings of the Royal Society of London. Series A. Mathematical and Physical Sciences},
  volume={245},
  number={1242},
  pages={312--329},
  year={1958},
  publisher={The Royal Society London}
}

@comment { BIBTEX_AUTO - GS }
@comment { BIBTEX_USER_VETTED }
@article{witten1981diffusion,
  title={Diffusion-limited aggregation, a kinetic critical phenomenon},
  author={Witten Jr., T.A. and Sander, Leonard M.},
  journal={Physical review letters},
  volume={47},
  number={19},
  pages={1400},
  year={1981},
  publisher={APS}
}

@comment { BIBTEX_AUTO - GS }
@comment { BIBTEX_USER_VETTED }
@article{uhlig1989spatial,
  title={Spatial evolution of filamentary surface discharges in high magnetic fields},
  author={Uhlig, P. and Maan, J.C. and Wyder, P.},
  journal={Physical review letters},
  volume={63},
  number={18},
  pages={1968},
  year={1989},
  publisher={APS}
}

@comment { BIBTEX_AUTO - GS }
@comment { BIBTEX_USER_VETTED }
@article{niemeyer1984fractal,
  title={Fractal dimension of dielectric breakdown},
  author={Niemeyer, Lucian and Pietronero, Luciano and Wiesmann, Hans J.},
  journal={Physical Review Letters},
  volume={52},
  number={12},
  pages={1033},
  year={1984},
  publisher={APS}
}

@comment { BIBTEX_AUTO - GS }
@comment { BIBTEX_USER_VETTED }
@article{gross1958irradiation,
  title={Irradiation effects in Plexiglas},
  author={Gross, Bernhard},
  journal={Journal of Polymer Science},
  volume={27},
  number={115},
  pages={135--143},
  year={1958},
  publisher={Wiley Online Library}
}

@comment { BIBTEX_AUTO - GS }
@comment { BIBTEX_USER_VETTED }
@phdthesis{mathiesen2004,
title= {Complex Patterns: Diffusion, Fracture and Fragmentation},
author={Joachim Mathiesen},
school={University of Copenhagen},
year={2004}}

@comment { BIBTEX_AUTO - GS }
@comment { BIBTEX_USER_VETTED }
@article{luque2014growing,
  title={Growing discharge trees with self-consistent charge transport: the collective dynamics of streamers},
  author={Luque, Alejandro and Ebert, Ute},
  journal={New Journal of Physics},
  volume={16},
  number={1},
  pages={013039},
  year={2014},
  publisher={IOP Publishing}
}

@comment { BIBTEX_AUTO - GS }
@comment { BIBTEX_USER_VETTED }
@article{takahashi1979two,
  title={Two hundred years of Lichtenberg figures},
  author={Takahashi, Yuzo},
  journal={Journal of Electrostatics},
  volume={6},
  number={1},
  pages={1--13},
  year={1979},
  publisher={Elsevier}
}

@comment { BIBTEX_USER_VETTED }
@book{bourgine2010morphogenesis,
  title={Morphogenesis: origins of patterns and shapes},
  author={Bourgine, Paul and Lesne, Annick},
  year={2010},
  publisher={Springer Science \& Business Media}
}

@comment { BIBTEX_USER_VETTED }
@book{davies2013mechanisms,
  title={Mechanisms of morphogenesis},
  author={Davies, Jamie},
  year={2013},
  publisher={Academic Press}
}

@book{kaandorp2001algorithmic,
  title={The algorithmic beauty of seaweeds, sponges and corals},
  author={Kaandorp, Jaap A. and K{\"u}bler, Janet E.},
  year={2001},
  publisher={Springer Science \& Business Media}
}

@book{ball2009branches
, title = {Branches: Nature's patterns: a tapestry in three parts}
, author = {Ball, Philip}
, year = {2009}
, publisher = {OUP Oxford}
}

@book{ball2009flow
, title = {Flow: Nature's patterns: a tapestry in three parts}
, author = {Ball, Philip}
, year = {2009}
, publisher = {OUP Oxford}
}

@book{ball2009shapes
, title = {Shapes: Nature's patterns: a tapestry in three parts}
, author = {Ball, Philip}
, year = {2009}
, publisher = {OUP Oxford}
}

@comment { BIBTEX_USER_VETTED }
@book{ball2012society,
  title={Why society is a complex matter: Meeting twenty-first century challenges with a new kind of science},
  author={Ball, Philip},
  year={2012},
  publisher={Springer Science \& Business Media}
}

@comment { BIBTEX_USER_VETTED }
@book{stanley2012growth,
  title={On growth and form: fractal and non-fractal patterns in physics},
  author={Stanley, Harry Eugene and Ostrowsky, Nicole},
  volume={100},
  year={2012},
  publisher={Springer Science \& Business Media}
}

@comment { BIBTEX_AUTO - GS }
@book{fleury2013branching,
  title={Branching in nature: dynamics and morphogenesis of branching structures, from cell to river networks},
  author={Fleury, Vincent and Gouyet, J-F and L{\'e}onetti, Marc},
  volume={14},
  year={2013},
  publisher={Springer Science \& Business Media}
}

@comment { BIBTEX_AUTO - GS }
@comment { BIBTEX_USER_VETTED }
@unpublished{seybold_branching,
title ={Branching dynamics and scales of valley network growth - unpublished},
author = {Hansj\"org Seybold and Piotr Szymczak, Micha\l Pecelerowicz and G. Gibbins and Robert Yi and Daniel H. Rothman},
}

@article{seybold2018branching,
  title={Branching geometry of valley networks on Mars and Earth and its implications for early Martian climate},
  author={Seybold, Hansj\"oerg J. and Kite, Edwin and Kirchner, James W.},
  journal={Science Advances},
  volume={4},
  number={6},
  pages={eaar6692},
  year={2018},
  publisher={American Association for the Advancement of Science}
}

@article{seybold2017climate,
  title={Climate's watermark in the geometry of stream networks},
  author={Seybold, Hansj{\"o}rg and Rothman, Daniel H and Kirchner, James W},
  journal={Geophysical Research Letters},
  volume={44},
  number={5},
  pages={2272--2280},
  year={2017},
  publisher={Wiley Online Library}
}

@unpublished{seybold_growth,
title={Growth and branching dynamics of stream networks - unpublished},
author={Hansj\"org Seybold}}

@phdthesis{pecelerowicz2017modele,
  title={Modele ig{\l}owe proces{\'o}w wzrostu nier{\'o}wnowagowego (\textit{Needle models of nonequilibrium growth processes})},
  author={Micha{\l} Pecelerowicz},
  year={2017},
 school = {Univeristy of Warsaw}
}

@unpublished{devauchelle2020laplacian,
title={Laplacian growth equation in an aquifer},
author={Devauchelle, O. and Lajeunesse, E. and Jules, V.},
year={2020}}

@article{2014Niestabilnoéé
,	author	= {Piotr Grodzki}
,	title	= {Niestabilno\'s\'c reaktywno-infiltracyjna}
,	year	= {2014}
}

@mastersthesis{morawiecki2016problem
,	title	= {Problem odwrotny do ewolucji sieci rzecznych ({I}nverse problem to river networks evolution)}
,	year	= {2016}
,   school = {Uniwersytet Warszawski}
,	author	= {Piotr Morawiecki}
,   type = {Bachelor's thesis}
}

@comment { BIBTEX_USER_VETTED }
@misc{barabasi2003linked,
  title={Linked: The new science of networks},
  author={Barab{\'a}si, Albert-L{\'a}szl{\'o}},
  year={2003},
  publisher={American Association of Physics Teachers}
}

@comment { BIBTEX_USER_VETTED }
@misc{downey2017modeling,
  title={Modeling and Simulation in Python},
  author={Downey, Allen B and Press, Green Tea},
  year={2017},
  publisher={Needham, Massachusetts: Green Tea Press.}
}

@comment { BIBTEX_AUTO - GS }
@comment { BIBTEX_USER_VETTED }
@book{sayama2015introduction,
  title={Introduction to the modeling and analysis of complex systems},
  author={Sayama, Hiroki},
  year={2015},
  publisher={Open SUNY Textbooks}
}

@comment { BIBTEX_AUTO - GS }
@comment { BIBTEX_USER_VETTED }
@article{sukop2006dt,
  title={Lattice Boltzmann Modeling: An Introduction for Geoscientis and Engineers},
  author={Sukop, M., D.T. Thorne, Jr. },
  year={2006},
  publisher={Springer}
}

@book{wolfram2002new,
  title={A new kind of science},
  author={Wolfram, Stephen},
  volume={5},
  year={2002},
  publisher={Wolfram media Champaign, IL}
}

@article{sayas2008gentle
,	title	= {A gentle introduction to the Finite Element Method}
,	year	= {2008}
,	author	= {Francisco–Javier Sayas}
}

@article{hecht2012new
, title = {New development in {FreeFem++}}
, author = {Hecht, Fr\'ed\'eric}
, journal = {Journal of Numerical Mathematics}
, volume = {20}
, number = {3-4}
, pages = {251--266}
, year = {2012}
, publisher = {De Gruyter}
, URL = {https://freefem.org/}
}

@article{cohen2015path,
  title={Path selection in the growth of rivers},
  author={Cohen, Yossi and Devauchelle, Olivier and Seybold, Hansj{\"o}rg F and Robert, S Yi and Szymczak, Piotr and Rothman, Daniel H},
  journal={Proceedings of the National Academy of Sciences},
  volume={112},
  number={46},
  pages={14132--14137},
  year={2015},
  publisher={National Acad Sciences}
}

@comment { BIBTEX_AUTO - GS }
@comment { BIBTEX_USER_VETTED }
@article{lobkovsky2004threshold,
  title={Threshold phenomena in erosion driven by subsurface flow},
  author={Lobkovsky, Alexander E. and Jensen, Bill and Kudrolli, Arshad and Rothman, Daniel H.},
  journal={Journal of Geophysical Research: Earth Surface},
  volume={109},
  number={F4},
  year={2004},
  publisher={Wiley Online Library}
}

@article{yi2017symmetric,
  title={Symmetric rearrangement of groundwater-fed streams},
  author={Yi, Robert and Cohen, Yossi and Devauchelle, Olivier and Gibbins, Goodwin and Seybold, Hansj{\"o}rg and Rothman, Daniel H.},
  journal={Proceedings of the Royal Society A: Mathematical, Physical and Engineering Sciences},
  volume={473},
  number={2207},
  pages={20170539},
  year={2017},
  publisher={The Royal Society Publishing}
}

@comment { BIBTEX_AUTO - GS }
@comment { BIBTEX_USER_VETTED }
@article{yi2018shapes,
  title={Shapes of river networks},
  author={Yi, Robert S. and Arredondo, {\'A}lvaro and Stansifer, Eric and Seybold, Hansj{\"o}rg and Rothman, Daniel H.},
  journal={Proceedings of the Royal Society A: Mathematical, Physical and Engineering Sciences},
  volume={474},
  number={2215},
  pages={20180081},
  year={2018},
  publisher={The Royal Society Publishing}
}

@comment { BIBTEX_AUTO - GS }
@comment { BIBTEX_USER_VETTED }
@article{berhanu2012shape,
  title={Shape and dynamics of seepage erosion in a horizontal granular bed},
  author={Berhanu, Michael and Petroff, Alexander and Devauchelle, Olivier and Kudrolli, Arshad and Rothman, Daniel H.},
  journal={Physical Review E},
  volume={86},
  number={4},
  pages={041304},
  year={2012},
  publisher={APS}
}

@article{devauchelle2012ramification
,	title	= {Ramification of stream networks}
,	author	= {Devauchelle, Olivier and Petroff, Alexander P. and Seybold, Hansjörg F. and Rothman, Daniel H}
,	journal	= {Proceedings of the National Academy of Sciences of the United States of America}
,	journal-iso	= {Proc. Natl. Acad. Sci. U.S.A.}
,	volume	= {109}
,	number	= {51}
,	year	= {2012}
,	month	= {Dec}
,	pages	= {20832--6}
,	doi	= {10.1073/pnas.1215218109}
,	pmid	= {23223562}
}

@comment { BIBTEX_AUTO - BIBTEXSEARCH }
@article{devauchelle2011longitudinal
,	title	= {Longitudinal profile of channels cut by springs}
,	author	= {Devauchelle, O and Petroff, AP and Lobkovsky, AE and Rothman, Daniel H}
,	journal	= {Journal of Fluid Mechanics}
,	volume	= {667}
,	pages	= {38--47}
,	year	= {2011}
,	publisher	= {Cambridge Univ Press}
}

@article{petroff2011geometry, 
title={Geometry of valley growth}, 
volume={673}, 
DOI={10.1017/S002211201100053X}, 
journal={Journal of Fluid Mechanics}, 
publisher={Cambridge University Press}, 
author={Petroff, A. P. and Devauchelle, O. and Abrams, D. M. and Lobkovsky, A. E. and Kudrolli, A. and Rothman, D. H.},
year={2011}, 
pages={245–254}}


@comment { BIBTEX_AUTO - BIBTEXSEARCH }
@article{petroff2012four
,	title	= {Four remarks on the growth of channel networks}
,	author	= {Petroff, A.P. and Devauchelle, O. and Kudrolli, A. and Rothman, D.H.}
,	journal	= {Comptes Rendus Geoscience}
,	year	= {2012}
,	publisher	= {Elsevier}
}

@article{petroff2013bifurcation
, title = {Bifurcation dynamics of natural drainage networks}
, author = {Petroff, Alexander P and Devauchelle, Olivier and Seybold, Hansj\"org and Rothman, Daniel H}
, journal = {Philosophical Transactions of the Royal Society A: Mathematical, Physical and Engineering Sciences}
, volume = {371}
, number = {2004}
, pages = {20120365}
, year = {2013}
, publisher = {The Royal Society Publishing}
}

@phdthesis{alexander2011streams
,	title	= {Streams, stromatolites and the geometry of growth}
,	author	= {Alexander Peter Phillips Petroff}
,	year	= {2011}
, school = {Massachusetts Institute of Technology}
}

@comment { BIBTEX_AUTO - GS }
@comment { BIBTEX_USER_VETTED }
@article{dunne1980formation,
  title={Formation and controls of channel networks},
  author={Dunne, Thomas},
  journal={Progress in Physical Geography},
  volume={4},
  number={2},
  pages={211--239},
  year={1980},
  publisher={Sage Publications Sage CA: Thousand Oaks, CA}
}

@comment { BIBTEX_USER_VETTED }
@article{dunne1970runoff,
  title={Runoff production in a humid area.},
  author={Dunne, Thomas and others},
  journal={Runoff production in a humid area.},
  number={41-160},
  year={1970}
}

@comment { BIBTEX_AUTO - GS }
@comment { BIBTEX_USER_VETTED }
@article{laity1985sapping,
  title={Sapping processes and the development of theater-headed valley networks on the Colorado Plateau},
  author={Laity, Julie E. and Malin, Michael C.},
  journal={Geological Society of America Bulletin},
  volume={96},
  number={2},
  pages={203--217},
  year={1985},
  publisher={Geological Society of America}
}

@comment { BIBTEX_AUTO - GS }
@article{marra2015groundwater,
  title={Groundwater seepage landscapes from distant and local sources in experiments and on Mars},
  author={Marra, WA and McLelland, SJ and Parsons, DR and Murphy, BJ and Hauber, E and Kleinhans, MG},
  journal={Earth surface dynamics},
  volume={3},
  number={3},
  pages={389--408},
  year={2015}
}

@article{schumm1986composite,
  title={Composite channels of the {Canterbury Plain, New Zealand}: A {Martian} analog?},
  author={Schumm, S.A. and Phillips, Loren},
  journal={Geology},
  volume={14},
  number={4},
  pages={326--329},
  year={1986},
  publisher={Geological Society of America}
}

@article{schumm1995ground,
  title={A ground-water sapping landscape in the {Florida Panhandle}},
  author={Schumm, S.A. and Boyd, K.F. and Wolff, C.G. and Spitz, W.J.},
  journal={Geomorphology},
  volume={12},
  number={4},
  pages={281--297},
  year={1995},
  publisher={Elsevier}
}

@comment { BIBTEX_AUTO - GS }
@comment { BIBTEX_USER_VETTED }
@article{pornprommin2010channel,
  title={Channel inception in cohesionless sediment by seepage erosion},
  author={Pornprommin, Adichai and Takei, Yoshihiro and Wubneh, Atinkut Mezgebu and Izumi, Norihiro},
  journal={Journal of Hydro-environment Research},
  volume={3},
  number={4},
  pages={232--238},
  year={2010},
  publisher={Elsevier}
}

@comment { BIBTEX_AUTO - GS }
@comment { BIBTEX_USER_VETTED }
@article{howard1983channel,
  title={Channel changes in badlands},
  author={Howard, Alan D. and Kerby, Gordon},
  journal={Geological Society of America Bulletin},
  volume={94},
  number={6},
  pages={739--752},
  year={1983},
  publisher={Geological Society of America}
}

@phdthesis{valcke2020form
,	title	= {Form, Formation Deformation of Gorgonia ventalina}
,      subtitle = {Shape properties of spatial growing reticulated 2D trees in their mechanical environment}
, author = {Paul Valcke}
,	year	= {2020}
, school= {Université Sorbonne Paris Cit{\'e}}
}

@phdthesis{solene2019evolution
,	title	= {The evolution and development of vascular systems}
,	author	= {Par Sol{\`{e}}ne Song}
,	year	= {2019}
, school = {Universit{\'{e}} Sorbonne Paris Cit{\'{e}}}
}

@phdthesis{gambini2012morphogenese
,	title	= {La Morphogen\`ese Gastrovasulaire de la M\'eduse Aurelia Aurita}
,	author	= {Camille Gambini}
,	year	= {2012}
, school = {Universit{\'{e}} Sorbonne Paris Cit{\'{e}}}
}

@article{daccord1986radial,
  title={Radial viscous fingers and diffusion-limited aggregation: Fractal dimension and growth sites},
  author={Daccord, Gerard and Nittmann, Johann and Stanley, H. Eugene},
  journal={Physical review letters},
  volume={56},
  number={4},
  pages={336},
  year={1986},
  publisher={APS}
}

@article{lemaire1991viscous,
  title={From viscous fingering to viscoelastic fracturing in colloidal fluids},
  author={Lemaire, E. and Levitz, P. and Daccord, G. and Van Damme, H.},
  journal={Physical review letters},
  volume={67},
  number={15},
  pages={2009},
  year={1991},
  publisher={APS}
}

@book{charmet2013disorder,
  title={Disorder and fracture},
  author={Charmet, JC and Guyon, Etienne and Roux, Stephane},
  volume={204},
  year={2013},
  publisher={Springer Science & Business Media}
}

@incollection{van1990flow,
  title={From flow to fracture and fragmentation in colloidal media},
  author={Van Damme, H. and Lemaire, E.},
  booktitle={Disorder and fracture},
  pages={83--104},
  year={1990},
  publisher={Springer}
}

@article{knauss2015review,
  title={A review of fracture in viscoelastic materials},
  author={Knauss, Wolfgang G.},
  journal={International Journal of Fracture},
  volume={196},
  number={1-2},
  pages={99--146},
  year={2015},
  publisher={Springer}
}

@comment { BIBTEX_AUTO - BIBTEXSEARCH }
@article{weng2011modeling
,	title	= {Modeling of hydraulic-fracture-network propagation in a naturally fractured formation}
,	author	= {Weng, Xiaowei and Kresse, Olga and Cohen, C and Wu, Ruiting and Gu, Hongren and others}
,	journal	= {SPE Production and Operations}
,	volume	= {26}
,	number	= {4}
,	pages	= {368}
,	year	= {2011}
}

@comment { BIBTEX_AUTO - GS }
@comment { BIBTEX_USER_VETTED }
@article{choo2016hydraulic,
  title={Hydraulic fracturing modeling using the discontinuous deformation analysis (DDA) method},
  author={Choo, Ling Qian and Zhao, Zhiye and Chen, Huimei and Tian, Qian},
  journal={Computers and Geotechnics},
  volume={76},
  pages={12--22},
  year={2016},
  publisher={Elsevier}
}

@comment { BIBTEX_AUTO - GS }
@comment { BIBTEX_USER_VETTED }
@book{cleary1958hydraulic,
  title={Hydraulic Fracture Theory},
  author={Cleary, James M.},
  volume={251},
  year={1958},
  publisher={Division of the Illinois State Geological Survey}
}

@comment { BIBTEX_USER_VETTED }
@comment { BIBTEX_USER_VETTED }
@book{wang2000theory,
  title={Theory of linear poroelasticity with applications to geomechanics and hydrogeology},
  author={Wang, Herbert F.},
  volume={2},
  year={2000},
  publisher={Princeton University Press}
}

@article{article,
author = {Flekkøy, Eirik and Malthe-Sørenssen, Anders and Jamtveit, Bjorn},
year = {2002},
month = {08},
pages = {},
title = {Modeling hydrofracture},
volume = {107},
journal = {Journal of Geophysical Research},
doi = {10.1029/2000JB000132}
}

@comment { BIBTEX_AUTO - GS }
@article{ghani2015dynamics,
  title={Dynamics of hydrofracturing and permeability evolution in layered reservoirs},
  author={Ghani, Irfan and Koehn, Daniel and Toussaint, Renaud and others},
  journal={Frontiers in Physics},
  volume={3},
  pages={67},
  year={2015},
  publisher={Frontiers}
}

@comment { BIBTEX_AUTO - GS }
@comment { BIBTEX_USER_VETTED }
@comment { BIBTEX_USER_VETTED }
@article{ghani2013dynamic,
  title={Dynamic development of hydrofracture},
  author={Ghani, Irfan and Koehn, Daniel and Toussaint, Renaud and Passchier, Cees Willem},
  journal={Pure and Applied Geophysics},
  volume={170},
  number={11},
  pages={1685--1703},
  year={2013},
  publisher={Springer}
}

@comment { BIBTEX_AUTO - GS }
@comment { BIBTEX_USER_VETTED }
@comment { BIBTEX_USER_VETTED }
@article{boone1990numerical,
  title={A numerical procedure for simulation of hydraulically-driven fracture propagation in poroelastic media},
  author={Boone, Thomas J. and Ingraffea, Anthony R.},
  journal={International Journal for Numerical and Analytical Methods in Geomechanics},
  volume={14},
  number={1},
  pages={27--47},
  year={1990},
  publisher={Wiley Online Library}
}

@comment { BIBTEX_AUTO - GS }
@comment { BIBTEX_USER_VETTED }
@comment { BIBTEX_USER_VETTED }
@article{li2017new,
  title={A new approach to the modeling of hydraulic-fracturing treatments in naturally fractured reservoirs},
  author={Li, Sanbai and Zhang, Dongxiao and Li, Xiang and others},
  journal={SPE Journal},
  volume={22},
  number={04},
  pages={1--064},
  year={2017},
  publisher={Society of Petroleum Engineers}
}

@comment { BIBTEX_USER_VETTED }
@book{wolfram2018cellular,
  title={Cellular automata and complexity: collected papers},
  author={Wolfram, Stephen},
  year={2018},
  publisher={CRC Press}
}

@article{clement2012branching
,	title	= {Branching geometry induced by lung self-regulated growth}
,	author	= {Cl\'ement, Rapha\"el and Douady, St\'ephane and Mauroy, Benjamin}
,	journal	= {Physical Biology}
,	volume	= {9}
,	number	= {6}
,	pages	= {066006}
,	year	= {2012}
,	publisher	= {IOP Publishing}
}

@article{muskat1937flow,
  title={The flow of fluids through porous media},
  author={Muskat, Morris},
  journal={Journal of Applied Physics},
  volume={8},
  number={4},
  pages={274--282},
  year={1937},
  publisher={American Institute of Physics}
}

@article{king1990geometric
,	title	= {Geometric dispersion and unstable flow in porous media}
,	author	= {King, MJ and Scher, H}
,	journal	= {Physical Review A}
,	volume	= {41}
,	number	= {2}
,	pages	= {874}
,	year	= {1990}
,	publisher	= {APS}
}

@article{sherwood1986gradient
,	title	= {Gradient governed growth: the effect of viscosity ratio on stochastic simulations of the Saffman-Taylor instability}
,	author	= {Sherwood, J.D. and Nittmann, J.}
,	journal	= {Journal de physique}
,	volume	= {47}
,	number	= {1}
,	pages	= {15--22}
,	year	= {1986}
,	publisher	= {Soci\'et\'e fran\ccaise de physique}
}

@article{habermann1960efficiency
,	title	= {The efficiency of miscible displacement as a function of mobility ratio}
,	author	= {Habermann, B. and others}
,	journal	= {Transactions of the AIME}
,	volume	= {219}
,	number	= {01}
,	pages	= {264--272}
,	year	= {1960}
,	publisher	= {Society of Petroleum Engineers}
}

@incollection{shraiman1988singularities
,	title	= {Singularities in nonlocal interface dynamics}
,	author	= {Shraiman, B. and Bensimon, D.}
,	booktitle	= {Dynamics of Curved Fronts}
,	pages	= {197--199}
,	year	= {1988}
,	publisher	= {Elsevier}
}

@article{nguyen2006dynamics
,	title	= {Dynamics of vascular branching morphogenesis: the effect of blood and tissue flow}
,	author	= {Nguyen, Thi-Hanh and Eichmann, Anne and Le Noble, Ferdinand and Fleury, Vincent}
,	journal	= {Physical Review E}
,	volume	= {73}
,	number	= {6}
,	pages	= {061907}
,	year	= {2006}
,	publisher	= {APS}
}

@phdthesis{lindner2000instabilite,
  TITLE = {{L'instabilit{\'e} de Saffman-Taylor dans les fluides complexes : relation entre les propri{\'e}t{\'e}s rh{\'e}ologiques et la formation de motifs}},
  AUTHOR = {Lindner, Anke},
  URL = {https://tel.archives-ouvertes.fr/tel-00000960},
  NOTE = {Co-direction : Jacques Meunier},
  HAL_LOCAL_REFERENCE = {LPS-ENS},
  SCHOOL = {{Universit{\'e} Pierre et Marie Curie - Paris VI}},
  YEAR = {2000},
  MONTH = Sep,
  KEYWORDS = {Instabilit{\'e} de Saffman-Taylor ; fluides complexes ; viscous fingering},
  TYPE = {Theses},
  PDF = {https://tel.archives-ouvertes.fr/tel-00000960/file/tel-00000960.pdf},
  HAL_ID = {tel-00000960},
  HAL_VERSION = {v1},
}


@article{detwiler2003experimental
,	title	= {Experimental observations of fracture dissolution: The role of Peclet number on evolving aperture variability}
,	author	= {Detwiler, Russell L and Glass, Robert J and Bourcier, William L}
,	journal	= {Geophysical Research Letters}
,	volume	= {30}
,	number	= {12}
,	year	= {2003}
,	publisher	= {Wiley Online Library}
}

@article{ferer1993crossover
,	title	= {Crossover from fractal to compact flow from simulations of two-phase flow with finite viscosity ratio in two-dimensional porous media}
,	author	= {Ferer, M and Sams, WN and Geisbrecht, RA and Smith, Duane H}
,	journal	= {Physical Review E}
,	volume	= {47}
,	number	= {4}
,	pages	= {2713}
,	year	= {1993}
,	publisher	= {APS}
}

@article{lubkin1995mechanism
,	title	= {A mechanism for early branching in lung morphogenesis}
,	author	= {Lubkin, Sharon R and Murray, JD}
,	journal	= {Journal of Mathematical Biology}
,	volume	= {34}
,	number	= {1}
,	pages	= {77--94}
,	year	= {1995}
,	publisher	= {Springer}
}

@article{starchenko2016three
,	title	= {Three-dimensional simulations of fracture dissolution}
,	author	= {Starchenko, Vitaliy and Marra, Cameron J and Ladd, Anthony JC}
,	journal	= {Journal of Geophysical Research: Solid Earth}
,	volume	= {121}
,	number	= {9}
,	pages	= {6421--6444}
,	year	= {2016}
,	publisher	= {Wiley Online Library}
}

@article{brady1984fractal
,	title	= {Fractal growth of copper electrodeposits}
,	author	= {Brady, R.M. and Ball, R.C.}
,	journal	= {Nature}
,	volume	= {309}
,	number	= {5965}
,	pages	= {225--229}
,	year	= {1984}
,	publisher	= {Nature Publishing Group}
}

@article{zik1999fingering
,	title	= {Fingering instability in combustion: an extended view}
,	author	= {Zik, Ory and Moses, Elisha}
,	journal	= {Physical Review E}
,	volume	= {60}
,	number	= {1}
,	pages	= {518}
,	year	= {1999}
,	publisher	= {APS}
}

@article{groisman1994experimental
,	title	= {An experimental study of cracking induced by desiccation}
,	author	= {Groisman, A and Kaplan, E}
,	journal	= {EPL (Europhysics Letters)}
,	volume	= {25}
,	number	= {6}
,	pages	= {415}
,	year	= {1994}
,	publisher	= {IOP Publishing}
}

@article{allain1995regular
,	title	= {Regular patterns of cracks formed by directional drying of a collodial suspension}
,	author	= {Allain, C and Limat, L}
,	journal	= {Physical Review Letters}
,	volume	= {74}
,	number	= {15}
,	pages	= {2981}
,	year	= {1995}
,	publisher	= {APS}
}

@book{meakin1998fractals
,	title	= {Fractals, scaling and growth far from equilibrium}
,	author	= {Meakin, Paul}
,	volume	= {5}
,	year	= {1998}
,	publisher	= {Cambridge university press}
}

@mastersthesis{wrzos2020modelowanie
, title = {Modelowanie procesów angiogenezy nowotworowej ({M}odeling of tumor angiogenesis processes)}
, author = {Antoni Wrzos}
, school  = {Uniwersytet Warszawski}
, year = {2020}
,   type = {Bachelor's thesis}
}

@article{sherwood1986island,
  title={Island size distribution in stochastic simulations of the Saffman-Taylor instability},
  author={Sherwood, J.D.},
  journal={Journal of Physics A: Mathematical and General},
  volume={19},
  number={4},
  pages={L195},
  year={1986},
  publisher={IOP Publishing}
}

@article{malhotra2015experimental,
  title={Experimental study of the growth of mixing zone in miscible viscous fingering},
  author={Malhotra, Sahil and Sharma, Mukul M. and Lehman, Eric R.},
  journal={Physics of Fluids},
  volume={27},
  number={1},
  pages={014105},
  year={2015},
  publisher={AIP Publishing LLC}
}

@unpublished{Roberto2020Laboratory
,	title	= {Laboratory observations on meltwater meandering rivulets on ice}
,	author	= {Roberto Fern\'andez and Gary Parker}
,	year	= {2020}
}

@phdthesis{fernandez2018laboratory
,	title	= {Laboratory Experiments on Alluvial Cover in Mixed Bedrock-Alluvial Meandering Channels and on the Formation and Evolution of SuperGlacial Meltwater Meandering Streams}
,	author	= {Roberto Fern\'andez Arrieta}
,	year	= {2018}
, school = {University of Illinoi}
}

@mastersthesis{zukowski2019zwiazek
,	title	= {Związek między geometrią sieci rzecznych a prawami ich wzrostu ({R}elationship between river network geometries and their growth laws)}
,	author	= {Stanis\{l}aw \.Zukowski}
,   school = {Uniwersytet Warszawski}
,	year	= {2019}
,   type = {Bachelor's thesis}
}

@article{schneider2012tissue,
title = "Tissue metabolism driven arterial tree generation",
journal = "Medical Image Analysis",
volume = "16",
number = "7",
pages = "1397 - 1414",
year = "2012",
note = "Special Issue on the 2011 Conference on Medical Image Computing and Computer Assisted Intervention",
issn = "1361-8415",
doi = "https://doi.org/10.1016/j.media.2012.04.009",
url = "http://www.sciencedirect.com/science/article/pii/S1361841512000576",
author = "Matthias Schneider and Johannes Reichold and Bruno Weber and Gábor Székely and Sven Hirsch",
keywords = "Arterial tree model, Angiogenesis, Oxygen metabolism, Cerebral vasculature, Computational physiology",
abstract = "We present an approach to generate 3-D arterial tree models based on physiological principles while at the same time certain morphological properties are enforced at construction time. The driving force of the construction is a simplified angiogenesis model incorporating case-specific information about the metabolic demand within the considered domain. The vascular tree is constructed iteratively by successively adding new segments in chemotactic response to angiogenic growth factors secreted by ischemic cells. Morphometrically confirmed bifurcation statistics of vascular networks are incorporated to optimize the synthetic vasculature. The proposed method is able to generate artificial, yet physiologically plausible, arterial tree models that match the metabolic demand of the embedding tissue and fulfill the prescribed morphological properties at the same time. The proposed tree generation approach is applied in a simulation setup based on the metabolic configuration and anatomy of the macaque visual cortex. We analyze the generated tree models with respect to morphological and physiological aspects including fluid-dynamic simulations. The comparison of our results with the findings of different studies on the structure of cerebral vasculatures demonstrates the plausibility of our method."
}

@book{sachs1991pattern,
  title={Pattern formation in plant tissues.},
  author={Sachs, Tsvi and others},
  year={1991},
  publisher={Cambridge University Press}
}

@article{bischofberger2015island,
  title={An island of stability in a sea of fingers: emergent global features of the viscous-flow instability},
  author={Bischofberger, Irmgard and Ramachandran, Radha and Nagel, Sidney R},
  journal={Soft Matter},
  volume={11},
  number={37},
  pages={7428--7432},
  year={2015},
  publisher={Royal Society of Chemistry}
}

@article{djonov2000intussusceptive,
  title={Intussusceptive angiogenesis: its role in embryonic vascular network formation},
  author={Djonov, Valentin and Schmid, M and Tschanz, Stefan A and Burri, Peter Hermann},
  journal={Circulation research},
  volume={86},
  number={3},
  pages={286--292},
  year={2000},
  publisher={Am Heart Assoc}
}

@article{ferer2011two
, title = {Two-phase flow in porous media: predicting its dependence on capillary number and viscosity ratio}
, author = {Ferer, M and Anna, Shelley L and Tortora, Paul and Kadambi, JR and Oliver, M and Bromhal, Grant S and Smith, Duane H}
, journal = {Transport in porous media}
, volume = {86}
, number = {1}
, pages = {243--259}
, year = {2011}
, publisher = {Springer}
}

@article{gubiec2008fingered,
  title={Fingered growth in channel geometry: A \uppercase{L}oewner-equation approach},
  author={Gubiec, Tomasz and Szymczak, Piotr},
  journal={Physical Review E},
  volume={77},
  number={4},
  pages={041602},
  year={2008},
  publisher={APS}
}

@article{katifori2010damage,
  title={Damage and fluctuations induce loops in optimal transport networks},
  author={Katifori, Eleni and Sz{\"o}ll{\H{o}}si, Gergely J and Magnasco, Marcelo O},
  journal={Physical review letters},
  volume={104},
  number={4},
  pages={048704},
  year={2010},
  publisher={APS}
}

@article{sawada1986dendritic
, title = {Dendritic and fractal patterns in electrolytic metal deposits}
, author = {Sawada, Yasuji and Dougherty, A. and Gollub, Jerry P.}
, journal = {Physical review letters}
, volume = {56}
, number = {12}
, pages = {1260}
, year = {1986}
, publisher = {APS}
}

@article{grier1993dissipation
, title = {Dissipation, geometry, and the stability of the dense radial morphology}
, author = {Grier, David G. and Mueth, Daniel}
, journal = {Physical Review E}
, volume = {48}
, number = {5}
, pages = {3841}
, year = {1993}
, publisher = {APS}
}

@article{grier1987stability
, title = {Stability of the dense radial morphology in diffusive pattern formation}
, author = {Grier, David G. and Kessler, David A. and Sander, L.M.}
, journal = {Physical review letters}
, volume = {59}
, number = {20}
, pages = {2315}
, year = {1987}
, publisher = {APS}
}

@article{boyce2002evolution,
  title={Evolution of developmental potential and the multiple independent origins of leaves in Paleozoic vascular plants},
  author={Boyce, C. Kevin and Knoll, Andrew H.},
  journal={Paleobiology},
  pages={70--100},
  year={2002},
  publisher={JSTOR}
}

@article{courtat2011mathematics,
  title={Mathematics and morphogenesis of cities: A geometrical approach},
  author={Courtat, Thomas and Gloaguen, Catherine and Douady, Stephane},
  journal={Physical Review E},
  volume={83},
  number={3},
  pages={036106},
  year={2011},
  publisher={APS}
}

@incollection{boyce2005evolutionary,
  title={The evolutionary history of roots and leaves},
  author={Boyce, C Kevin},
  booktitle={Vascular transport in plants},
  pages={479--499},
  year={2005},
  publisher={Elsevier}
}

@article{couder2005side,
  title={Side-branch growth in two-dimensional dendrites. I. Experiments},
  author={Couder, Yves and Maurer, J. and Gonz{\'a}lez-Cinca, Ricard and Hern{\'a}ndez-Machado, Aurora},
  journal={Physical Review E},
  volume={71},
  number={3},
  pages={031602},
  year={2005},
  publisher={APS}
}

@article{bohn2002constitutive,
  title={Constitutive property of the local organization of leaf venation networks},
  author={Bohn, S. and Andreotti, B. and Douady, S. and Munzinger, J. and Couder, Y.},
  journal={Physical Review E},
  volume={65},
  number={6},
  pages={061914},
  year={2002},
  publisher={APS}
}

@incollection{runions2005modeling,
  title={Modeling and visualization of leaf venation patterns},
  author={Runions, Adam and Fuhrer, Martin and Lane, Brendan and Federl, Pavol and Rolland-Lagan, Anne-Ga{\"e}lle and Prusinkiewicz, Przemyslaw},
  booktitle={ACM SIGGRAPH 2005 Papers},
  pages={702--711},
  year={2005}
}

@article{norouzi2018numerical,
title = "A numerical study on Saffman-Taylor instability of immiscible viscoelastic-Newtonian displacement in a Hele-Shaw cell",
journal = "Journal of Non-Newtonian Fluid Mechanics",
volume = "260",
pages = "109 - 119",
year = "2018",
issn = "0377-0257",
doi = "https://doi.org/10.1016/j.jnnfm.2018.06.007",
url = "http://www.sciencedirect.com/science/article/pii/S0377025717304858",
author = "M. Norouzi and A.A. Yazdi and A.K. Birjandi",
keywords = "Saffman-Taylor instability, Viscoelastic fluids, Viscous fingering instability, Oldroyd-B model, Sweep efficiency, Volume of fluid (VOF)",
abstract = "In this paper, the well-known Saffman-Taylor instability of an immiscible quasilinear viscoelastic-Newtonian displacement in a Hele-Shaw cell is studied numerically for the first time. The volume of fluid method is applied to predict the formation of two phases. Here, a quasilinear viscoelastic fluid is considered as the displacing fluid and a Newtonian fluid as the displaced fluid. The Oldroyd-B constitutive equation, which is physically useful for Boger liquids, is considered for the viscoelastic phase. The effect of dimensionless parameters, consisting of the viscosity ratio, the viscosity ratio of viscoelastic fluid, the elasticity number, and the capillary number on Saffman-Taylor instability are studied in detail. The results illustrate that increasing the capillary number, elasticity number, and the viscosity ratio of viscoelastic fluid stabilizes the displacement, while enhancing the viscosity ratio has a destabilizing effect on the displacement. As a main result, it is found that the elasticity of the displacing fluid has a stabilizing effect on the flow field in the presence of capillary forces, which can be attributed to enhancing the extensional viscosity that resists against the stretching of the fingers."
}

@article{pelletier2000shapes,
  title={Shapes of river networks and leaves: are they statistically similar?},
  author={Pelletier, Jon D. and Turcotte, Donald L.},
  journal={Philosophical Transactions of the Royal Society of London. Series B: Biological Sciences},
  volume={355},
  number={1394},
  pages={307--311},
  year={2000},
  publisher={The Royal Society}
}

@article{coffey2017congruent,
  title={Congruent bifurcation angles in river delta and tributary channel networks},
  author={Coffey, Thomas S. and Shaw, John B.},
  journal={Geophysical Research Letters},
  volume={44},
  number={22},
  pages={11--427},
  year={2017},
  publisher={Wiley Online Library}
}

@article{yuse1993transition,
  title={Transition between crack patterns in quenched glass plates},
  author={Yuse, A. and Sano, M.},
  journal={Nature},
  volume={362},
  number={6418},
  pages={329--331},
  year={1993},
  publisher={Springer}
}

@article{lucas2001reproduction,
author = {Lucas, Cathy H.},
year = {2001},
month = {05},
pages = {229-246},
title = {Reproduction and life history strategies of the common jellyfish, Aurelia aurita, in relation to its ambient environment},
volume = {451},
isbn = {978-94-010-3835-5},
journal = {Hydrobiologia},
doi = {10.1023/A:1011836326717}
}

@article{grondahl1988interactions,
  title={Interactions between polyps of Aurelia aurita and planktonic larvae of scyphozoans: An experimental study.},
  author={Gr{\"o}ndahl, F.},
  journal={Marine ecology progress series. Oldendorf},
  volume={45},
  number={1},
  pages={87--93},
  year={1988}
}

@article{helm2018evolution,
  title={Evolution and development of scyphozoan jellyfish},
  author={Helm, Rebecca R.},
  journal={Biological reviews},
  volume={93},
  number={2},
  pages={1228--1250},
  year={2018},
  publisher={Wiley Online Library}
}

@article{bergstrom2018scatter,
  title={Why scatter plots suggest causality, and what we can do about it},
  author={Bergstrom, Carl T and West, Jevin D},
  journal={arXiv preprint arXiv:1809.09328},
  year={2018}
}

@article{nuzzo2014scientific,
  title={Scientific method: statistical errors},
  author={Nuzzo, Regina},
  journal={Nature News},
  volume={506},
  number={7487},
  pages={150},
  year={2014}
}

@misc{zukowski2020how
, title = {Reconnections in morphogenesis of spatial networks}
, author = {\.Zukowski, Stanis\law}
, year = {2020}
}

@article{ball2018static,
  title={Static and dynamic fluid-driven fracturing of adhered elastica},
  author={Ball, Thomasina V. and Neufeld, Jerome A.},
  journal={Physical Review Fluids},
  volume={3},
  number={7},
  pages={074101},
  year={2018},
  publisher={APS}
}

@misc{paulslab,
title = {Lichtenberg figure, paulslab.com},
url = {paulslab.com}}


@book{gustafsson2014classical,
  title={Classical and stochastic Laplacian growth},
  author={Gustafsson, Bj{\"o}rn and Teodorescu, Razvan and Vasil'ev, Alexander},
  year={2014},
  publisher={Springer}
}

@book{pelce2004new,
  title={New visions on form and growth: fingered growth, dendrites, and flames},
  author={Pelc{\'e}, Pierre},
  year={2004},
  publisher={Oxford University Press on Demand}
}

@article{pecelerowicz2016stabilizing,
  title={Stabilizing effect of tip splitting on the interface motion},
  author={Pecelerowicz, Micha{\l} and Szymczak, Piotr},
  journal={Physical Review E},
  volume={94},
  number={6},
  pages={062801},
  year={2016},
  publisher={APS}
}

@article{cheung2002dissolution,
  title={Dissolution finger growth in variable aperture fractures: Role of the tip-region flow field},
  author={Cheung, Wendy and Rajaram, Harihar},
  journal={Geophysical research letters},
  volume={29},
  number={22},
  pages={32--1},
  year={2002},
  publisher={Wiley Online Library}
}

@article{osselin2016microfluidic,
  title={Microfluidic observation of the onset of reactive-infiltration instability in an analog fracture},
  author={Osselin, F. and Kondratiuk, P. and Budek, A. and Cybulski, O. and Garstecki, P. and Szymczak, P.},
  journal={Geophysical Research Letters},
  volume={43},
  number={13},
  pages={6907--6915},
  year={2016},
  publisher={Wiley Online Library}
}

@article{heun1900neue,
  title={Neue Methoden zur approximativen Integration der Differentialgleichungen einer unabh{\"a}ngigen Ver{\"a}nderlichen},
  author={Heun, Karl},
  journal={Z. Math. Phys},
  volume={45},
  pages={23--38},
  year={1900}
}

@article{gupta2015topology,
  title={Topology optimization of front metallization patterns for solar cells},
  author={Gupta, Deepak K. and Langelaar, Matthijs and Barink, Marco and van Keulen, Fred},
  journal={Structural and Multidisciplinary Optimization},
  volume={51},
  number={4},
  pages={941--955},
  year={2015},
  publisher={Springer}
}

@article{gupta2016optimizing,
  title={Optimizing front metallization patterns: Efficiency with aesthetics in free-form solar cells},
  author={Gupta, Deepak K. and Langelaar, Matthijs and Barink, Marco and van Keulen, Fred},
  journal={Renewable energy},
  volume={86},
  pages={1332--1339},
  year={2016},
  publisher={Elsevier}
}

@article{szymczak2011initial,
  author = {P. Szymczak and A.J.C. Ladd},
  title = {The initial stages of cave formation: Beyond the one-dimensional
 paradigm},
  journal = {Earth and Planetary Science Letters},
  year = {2011},
  volume = {301},
  pages = {424-432},
  file = {Szymczak2010.pdf:porousmedia/Szymczak2010.pdf:PDF},
  issn = {0009-2509}
}

@article{peterson1998singular,
  author = {Peterson, Mark A.},
  title = {Singular {Laplacian} growth},
  journal = {Phys. Rev. E},
  year = {1998},
  volume = {57},
  pages = {3221--3226},
  number = {3},
  month = {Mar},
  doi = {10.1103/PhysRevE.57.3221},
  numpages = {5},
  publisher = {American Physical Society}
}

@article{clement2017tissue,
  title={Tissue growth pressure drives early blood flow in the chicken yolk sac},
  author={Cl{\'e}ment, Rapha{\"e}l and Mauroy, Benjamin and Cornelissen, Annemiek JM},
  journal={Developmental Dynamics},
  volume={246},
  number={8},
  pages={573--584},
  year={2017},
  publisher={Wiley Online Library}
}

@article{hastings2001growth,
  title={Growth exponents with 3.99 walkers},
  author={Hastings, MB},
  journal={Physical Review E},
  volume={64},
  number={4},
  pages={046104},
  year={2001},
  publisher={APS}
}

@article{lajeunesse2000tip,
  title={On the tip-splitting instability of viscous fingers},
  author={Lajeunesse, Eric and Couder, Yves},
  journal={Journal of Fluid Mechanics},
  volume={419},
  pages={125--149},
  year={2000},
  publisher={Cambridge University Press}
}

@phdthesis{selander1999two,
  author = {G. Selander},
  title = {{Two deterministic growth models related to Diffusion-Limited Aggregation}},
  school = {Department of Mathematics, Royal Institute of Technology, Stockholm,
 Sweden},
  year = {1999}
}

@article{derrida1992needle,
  title={Needle models of {L}aplacian growth},
  author={Derrida, B and Hakim, V},
  journal={Physical Review A},
  volume={45},
  number={12},
  pages={8759},
  year={1992},
  publisher={APS}
}

@book{iserles2009first,
  title={A first course in the numerical analysis of differential equations},
  author={Iserles, Arieh},
  year={2009},
  publisher={Cambridge University Press}
}


@article{ loewner1923untersuchungen,
title={Untersuchungen über schlichte konforme Abbildungen des Einheitskreises. I}, 
volume={89},
journal={Mathematische Annalen},
author={Karl Löwner}, 
year={1923},
pages={103–121}
}

@book{ dupuit1863etudes,
     author =    "Dupuit, Jules" ,
     title =     "Etudes Théoriques et Pratiques sur le mouvement des Eaux dans les canaux découverts et à travers les terrains perméables" ,
     year =      "1863" ,
     publisher =   "Dunod"
}

@article{hecht1998bamg,
  title={{BAMG}: bidimensional anisotropic mesh generator},
  author={Hecht, Fr{\'e}d{\'e}ric},
  journal={User Guide. INRIA, Rocquencourt},
  volume={17},
  year={1998}
}


@book{ darcy1856fontaines ,
     author =    "Henry Darcy" ,
     title =     "Les fontaines publiques de la ville de Dijon" ,
     year =      "1856" ,
     publisher = "Victor Dalmont"
}

@article{lagesse2015spatial,
  title={A spatial multi-scale object to analyze road networks},
  author={Lagesse, Claire and Bordin, Patricia and Douady, Stephane},
  journal={Network Science},
  volume={3},
  number={1},
  pages={156--181},
  year={2015},
  publisher={Cambridge University Press}
}

